@inproceedings{cloudhaskell,
 author = {Epstein, Jeff and Black, Andrew P. and Peyton-Jones, Simon},
 title = {Towards {H}askell in the cloud},
 booktitle = {Proceedings of the 4th ACM symposium on Haskell},
 series = {Haskell '11},
 year = {2011},
 isbn = {978-1-4503-0860-1},
 location = {Tokyo, Japan},
 pages = {118--129},
 numpages = {12},
 url = {http://doi.acm.org/10.1145/2034675.2034690},
 doi = {10.1145/2034675.2034690},
 acmid = {2034690},
 publisher = {ACM},
 address = {New York, NY, USA},
 keywords = {erlang, haskell, message-passing},
} 

@inproceedings{unified,
 author = {Svensson, Hans and Fredlund, Lars-{\AA}ke and Benac Earle, Clara},
 title = {A unified semantics for future {E}rlang},
 booktitle = {Proceedings of the 9th ACM SIGPLAN workshop on Erlang},
 series = {Erlang '10},
 year = {2010},
 isbn = {978-1-4503-0253-1},
 location = {Baltimore, Maryland, USA},
 pages = {23--32},
 numpages = {10},
 url = {http://doi.acm.org/10.1145/1863509.1863514},
 doi = {10.1145/1863509.1863514},
 acmid = {1863514},
 publisher = {ACM},
 address = {New York, NY, USA},
 keywords = {erlang, semantics},
} 

@article{stm,
 author = {Harris, Tim and Marlow, Simon and Jones, Simon Peyton and Herlihy, Maurice},
 title = {Composable memory transactions},
 journal = {Commun. ACM},
 issue_date = {August 2008},
 volume = {51},
 number = {8},
 month = aug,
 year = {2008},
 issn = {0001-0782},
 pages = {91--100},
 numpages = {10},
 url = {http://doi.acm.org/10.1145/1378704.1378725},
 doi = {10.1145/1378704.1378725},
 acmid = {1378725},
 publisher = {ACM},
 address = {New York, NY, USA},
} 

@inproceedings{erlang,
 author = {Svensson, Hans and Fredlund, Lars-\AAke},
 title = {A more accurate semantics for distributed erlang},
 booktitle = {Proceedings of the 2007 SIGPLAN workshop on ERLANG Workshop},
 series = {ERLANG '07},
 year = {2007},
 isbn = {978-1-59593-675-2},
 location = {Freiburg, Germany},
 pages = {43--54},
 numpages = {12},
 url = {http://doi.acm.org/10.1145/1292520.1292528},
 doi = {10.1145/1292520.1292528},
 acmid = {1292528},
 publisher = {ACM},
 address = {New York, NY, USA},
 keywords = {distributed systems, erlang, model checking, semantics, verification},
} 
